<record><leader>00000cas a2200000 a 4500</leader><controlfield tag="001">36703382</controlfield><controlfield tag="008">970408d1930193ufluwr ne      0    0eng c</controlfield><datafield ind1=" " ind2=" " tag="010"><subfield code="a">sn 97027720 </subfield></datafield><datafield ind1=" " ind2=" " tag="040"><subfield code="a">FUG</subfield><subfield code="b">eng</subfield><subfield code="c">FUG</subfield><subfield code="d">OCLCQ</subfield><subfield code="d">OCLCF</subfield><subfield code="d">OCLCO</subfield></datafield><datafield ind1="1" ind2=" " tag="029"><subfield code="a">AU@</subfield><subfield code="b">000013196542</subfield></datafield><datafield ind1=" " ind2=" " tag="042"><subfield code="a">pcc</subfield></datafield><datafield ind1=" " ind2=" " tag="043"><subfield code="a">n-us-fl</subfield></datafield><datafield ind1="0" ind2=" " tag="130"><subfield code="a">Highlands American (Sebring, Fla. : 1930)</subfield></datafield><datafield ind1="1" ind2="0" tag="245"><subfield code="a">Highlands American.</subfield></datafield><datafield ind1=" " ind2=" " tag="260"><subfield code="a">Sebring, Fla. :</subfield><subfield code="b">Highlands American Pub Co.</subfield></datafield><datafield ind1=" " ind2=" " tag="300"><subfield code="a">v.</subfield></datafield><datafield ind1=" " ind2=" " tag="310"><subfield code="a">Weekly (published on Saturday)</subfield></datafield><datafield ind1=" " ind2=" " tag="500"><subfield code="a">Publisher: Rod Arkell, &lt;1932&gt;.</subfield></datafield><datafield ind1=" " ind2=" " tag="580"><subfield code="a">Daily ed.: Sebring American.</subfield></datafield><datafield ind1=" " ind2=" " tag="588"><subfield code="a">Description based on: Vol. 1, no. 21 (Aug. 30, 1930).</subfield></datafield><datafield ind1=" " ind2=" " tag="588"><subfield code="a">Latest issue consulted: Vol. 2, no. 42 (Feb. 6, 1932).</subfield></datafield><datafield ind1=" " ind2="0" tag="651"><subfield code="a">Sebring (Fla.)</subfield><subfield code="v">Newspapers.</subfield></datafield><datafield ind1=" " ind2="0" tag="651"><subfield code="a">Highlands County (Fla.)</subfield><subfield code="v">Newspapers.</subfield></datafield><datafield ind1=" " ind2="7" tag="655"><subfield code="a">Newspapers.</subfield><subfield code="2">fast</subfield><subfield code="0">(OCoLC)fst01423814</subfield></datafield><datafield ind1=" " ind2="7" tag="651"><subfield code="a">Florida</subfield><subfield code="z">Highlands County.</subfield><subfield code="2">fast</subfield><subfield code="0">(OCoLC)fst01214945</subfield></datafield><datafield ind1=" " ind2="7" tag="651"><subfield code="a">Florida</subfield><subfield code="z">Sebring.</subfield><subfield code="2">fast</subfield><subfield code="0">(OCoLC)fst01215851</subfield></datafield><datafield ind1=" " ind2=" " tag="752"><subfield code="a">United States</subfield><subfield code="b">Florida</subfield><subfield code="c">Highlands</subfield><subfield code="d">Sebring.</subfield></datafield><datafield ind1="1" ind2=" " tag="775"><subfield code="t">Sebring American</subfield><subfield code="w">(DLC)sn 95047353</subfield><subfield code="w">(OCoLC)33832822</subfield></datafield></record>